@article{ref1,
  title={A Comparative Study of Time Series Anomaly Detection Models for Industrial Control Systems},
  author={Kim, Bedeuro and Alawami, Mohsen Ali and Kim, Eunsoo and Oh, Sanghak and Park, Jeongyong and Kim, Hyoungshick},
  journal={PubMed},
  year={2023},
  url={https://pubmed.ncbi.nlm.nih.gov/36772349/}
}

@misc{ref2,
  title={Unsupervised Anomaly Detection},
  author={Victor Ambonati},
  year={2017},
  howpublished={Kaggle},
  url={https://www.kaggle.com/code/victorambonati/unsupervised-anomaly-detection}
}

@misc{ref3,
  title={Time Series Anomaly Detection},
  author={Joshua Swords},
  year={2023},
  howpublished={Kaggle},
  url={https://www.kaggle.com/code/joshuaswords/time-series-anomaly-detection/}
}

@misc{ref4,
  title={Isolation Forest on SWaT 2015},
  author={Abidzar16},
  year={2022},
  howpublished={Kaggle},
  url={https://www.kaggle.com/code/abidzar16/isolation-forest-on-swat-2015/notebook}
}

@misc{ref5,
  title={AI Training: TS Anomaly Detection},
  author={AB109316},
  year={2024},
  howpublished={Kaggle},
  url={https://www.kaggle.com/code/ab109316/ai-training-ts-anomaly-detection}
}

@misc{ref6,
  title={Building AI-Driven Anomaly Detection Model to Secure Industrial Automation},
  author={DZone},
  year={2025},
  url={https://dzone.com/articles/ai-anomaly-detection-industrial-iot-security}
}

@article{ref7,
  title={Anomaly Detection for Industrial Control System Based on Autoencoder Neural Network},
  author={Zhou, Jian and Li, Chen and others},
  journal={ResearchGate},
  year={2020},
  url={https://www.researchgate.net/publication/343424305_Anomaly_Detection_for_Industrial_Control_System_Based_on_Autoencoder_Neural_Network}
}

@article{ref8,
  title={A Causality-Inspired Approach for Anomaly Detection in a Water Treatment Testbed},
  journal={PMC},
  year={2022},
  url={https://pmc.ncbi.nlm.nih.gov/articles/PMC9823548/}
}

@misc{ref9,
  title={An Attention-Based Deep Generative Model for Anomaly Detection in Industrial Control Systems},
  author={Macas, M. M. and collaborators},
  year={2023},
  howpublished={GitHub},
  url={https://github.com/mmacas11/3Da-CVAE}
}

@misc{ref10,
  title={An Attention-Based Deep Generative Model for Anomaly Detection in Industrial Control Systems},
  author={ArXiv Preprint},
  year={2024},
  howpublished={arXiv},
  url={https://arxiv.org/abs/2405.05277}
}

@misc{ref11,
  title={Cyberattack detection on SWaT plant industrial control systems using machine learning},
  year={No Date},
  url={https://www.elspub.com/papers/j/1787837255720869888.html}
}

@article{ref12,
  title={1D convolutional neural networks and applications: A survey},
  author={Kiranyaz, S. and Ince, T. and Abdeljaber, O. and Avci, O. and Gabbouj, M.},
  journal={Mechanical Systems and Signal Processing},
  volume={151},
  pages={107398},
  year={2021},
  publisher={Elsevier},
  url={https://www.sciencedirect.com/science/article/pii/S0888327020307846?via%3Dihub}
}

@article{ref13,
  title={Anomaly detection for industrial control systems using sequence-to-sequence neural networks},
  author={Kim, B. and Alawami, M. A. and Kim, E. and Oh, S. and Park, J. and Kim, H.},
  journal={arXiv preprint arXiv:1911.04831},
  year={2019},
  url={https://arxiv.org/pdf/1911.04831}
}

@article{ref14,
  title={A deep learning approach to network intrusion detection},
  author={Shone, Nathan and Ngoc, Tran Nguyen and Phai, Vu Dinh and Shi, Qiu},
  journal={IEEE Transactions on Emerging Topics in Computational Intelligence},
  volume={2},
  number={1},
  pages={41--50},
  year={2018},
  publisher={IEEE},
  url={https://ieeexplore.ieee.org/document/8264962}
}

@inproceedings{ref15,
  title={TensorFlow: A system for large-scale machine learning},
  author={Abadi, M. and Barham, P. and Chen, J. and Chen, Z. and Davis, A. and Dean, J. and Zheng, X.},
  booktitle={12th USENIX Symposium on Operating Systems Design and Implementation (OSDI 16)},
  pages={265--283},
  year={2016}
}

@article{ref16,
  title={Scikit-learn: Machine learning in Python},
  author={Pedregosa, F. and Varoquaux, G. and Gramfort, A. and Michel, V. and Thirion, B. and Grisel, O. and Duchesnay, {\'E}.},
  journal={Journal of Machine Learning Research},
  volume={12},
  pages={2825--2830},
  year={2011}
}
